@Online{history,
	Title                    = {The History Of Gamification: From The Very Beginning To Right Now},
	Author                   = {{Growth Engineering}},
	Year                     = {2019},
	url                      = {https://www.growthengineering.co.uk/history-of-gamification/},
}

@article{hsin2013practitioner,
	title={A practitioner’s guide to gamification of education},
	author={Hsin-Yuan Huang, W and Soman, Dilip},
	journal={Rotman School of Management, University of Toronto},
	year={2013}
}

@Online{classcraft,
	Title                    = {10 important facts about games and learning},
	Author                   = {Sean Arnold},
	Year                     = {2017},
	url                      = {https://www.classcraft.com/blog/features/10-facts-games-learning/},
}

@Online{hackernoon,
	Title                    = {Top Industries Getting Revolutionised by Artificial Intelligence},
	Author                   = {Sophia Martin},
	Year                     = {2019},
	url                      = {https://medium.com/hackernoon/top-industries-getting-revolutionised-by-artificial-intelligence-686a440857c0},
}



@Online{wikigame,
	Title                    = {Gamification},
	Author                   = {{Wikipedia}},
	Year                     = {2020},
	url                      = {https://en.wikipedia.org/wiki/Gamification},
}

@Online{gamelaw,
	Title                    = {Gamification and Law or How to stay out of Prison despite Gamification},
	Author                   = {Mario Herger},
	Year                     = {2012},
	url                      =  {https://web.archive.org/web/20120425121358/http:/enterprise-gamification.com/index.php/en/blog/4-blog/65-gamification-and-law-or-how-to-stay-out-of-prison-despite-gamification},
}

@Online{dataagg,
	Title                    = {Data Aggregation},
	Author                   = {{Wikipedia}},
	Year                     = {2020},
	url                      = {https://en.wikipedia.org/wiki/Data_aggregation},
}

@Online{janeted,
	Title                    = {Gaming Can Make a Better World},
	Author                   = {Jane McGonigal},
	Year                     = {2010},
	url                      = {https://www.ted.com/talks/jane_mcgonigal_gaming_can_make_a_better_world?language=en#t-1184578},
}

@Online{chi2011,
	Title                    = {{CHI}},
	Author                   = {{Gamification: Using Game-Design Elements in Non-Gaming Contexts}},
	Year                     = {2011},
	url                      = {http://chi2011.org/communities/games/index.html},
}

@Online{gamresearch,
	Author                   = {{Gamification Research Network}},
	Year                     = {2020},
	url                      = {http://gamification-research.org/about/},
}

@Online{pokegwr,
	Title                    = {Pokémon Go catches five new world records},
	Author                   = {Rachel Swatman},
	Year                     = {2016},
	url                      = {https://www.guinnessworldrecords.com/news/2016/8/pokemon-go-catches-five-world-records-439327},
}

@Online{gamescience,
	Title                    = {The Science Behind Gamification and Why it Works},
	Author                   = {{Wranx}},
	Year                     = {2014},
	url                      = {https://blog.wranx.com/the-science-behind-gamification-and-why-it-works},
}

@Online{sciencebehind,
	Title                    = {The Science Behind Gamification: Why It Works},
	Author                   = {Jenny Coppola},
	Year                     = {2017},
	url                      = {https://wistia.com/learn/marketing/the-science-behind-gamification},
}

@Online{dopamine,
	Title                    = {What Is Dopamine?},
	Author                   = {{Web MD}},
	Year                     = {2020},
	url                      = {https://www.webmd.com/mental-health/what-is-dopamine#1},
}

@Online{brainrewards,
	Title                    = {Brain Reward Pathways},
	Author                   = {{Neuroscience Department Laboratories}},
	Year                     = {2020},
	url                      = {https://neuroscience.mssm.edu/nestler/brainRewardpathways.html},
}

@Online{keepmotivation,
	Title                    = {Three Critical Elements Sustain Motivation},
	Author                   = {Daisy Yuhas},
	Year                     = {2012},
	url                      = {https://www.scientificamerican.com/article/three-critical-elements-sustain-motivation/},
}

@Online{gamelearning,
	Title                    = {Gamification of Learning},
	Author                   = {{Wikipedia}},
	Year                     = {2020},
	url                      = {https://en.wikipedia.org/wiki/Gamification_of_learning},
}


@Online{5benefits,
	Title                    = {5 Benefits of Gamification},
	Author                   = {Ashley Deese},
	Year                     = {2020},
	url                      = {https://ssec.si.edu/stemvisions-blog/5-benefits-gamification},
}

@Online{eduengage,
	Title                    = {Using Gamification to Aid in Adolescent Development in the Classroom: Cognitive and Physical Processes Can Enhance Growth},
	Author                   = {Ashley Deese},
	Year                     = {2012},
	url                      = {http://www.ashleydeese.com/2012/09/26/using-gamification-to-aid-in-adolescent-development-in-the-classroom-cognitive-and-physical-processes-can-enhance-growth/},
}

@Online{simfact,
	Title                    = {Learning with SimCity: Valuable Lessons Kids Can Learn Playing Mayor},
	Author                   = {Matt Doyle},
	Year                     = {2014},
	url                      = {https://www.brightpips.com/learning-simcity-valuable-lessons-kids-learn-playing-mayor/},
}

@Online{wikiserious,
	Title                    = {Serious Game},
	Author                   = {{Wikipedia}},
	Year                     = {2020},
	url                      = {https://en.wikipedia.org/wiki/Serious_game},
}

@Online{10seriousrules1,
	Title                    = {Ten simple rules to create a serious game, illustrated with examples from structural biology},
	Author                   = {Marc Baaden and Olivier Delalande and Nicolas Ferey and Samuela Pasquali and Jérôme Waldispühl and Antoine Taly},
	Year                     = {2018},
	url                      = {https://journals.plos.org/ploscompbiol/article?id=10.1371/journal.pcbi.1005955},
}

@article{mazzanti2017can,
	title={What can human-guided simulations bring to RNA folding?},
	author={Mazzanti, Liuba and Doutreligne, S{\'e}bastien and Gageat, Cedric and Derreumaux, Philippe and Taly, Antoine and Baaden, Marc and Pasquali, Samuela},
	journal={Biophysical journal},
	volume={113},
	number={2},
	pages={302--312},
	year={2017},
	publisher={Elsevier}
}

@misc{seriousmeth,
	title ={Serious games and gamification},
	author={Tony Bates},
	year={2019},
	note={[online; accessed February 2020]},
	url={https://www.tonybates.ca/2019/09/07/serious-games-and-gamification/}
}

@misc{edugamexample,
	title ={Using Gamification in Your Startup: Examples of Leading Apps and Our Experience},
	author={{2muchcoffee}},
	year={2019},
	note={[online; accessed February 2020]},
	url={https://2muchcoffee.com/blog/using-gamification-in-your-startup/}
}


@article{follett2015analysis,
	title={An analysis of citizen science based research: usage and publication patterns},
	author={Follett, Ria and Strezov, Vladimir},
	journal={PloS one},
	volume={10},
	number={11},
	pages={e0143687},
	year={2015},
	publisher={Public Library of Science}
}

@INPROCEEDINGS{10seriousrules,
	title={Ten simple rules to create a serious game, illustrated with examples from structural biology},
	author={Baaden, Marc and Delalande, Olivier and Ferey, Nicolas and Pasquali, Samuela and Waldisp{\"u}hl, J{\'e}r{\^o}me and Taly, Antoine},
	year={2018},
	publisher={Public Library of Science}
}


@INPROCEEDINGS{autismedu,
	author    = {Blum-Dimaya, Alyssa and Reeve, Sharon A. and Reeve, Kenneth F. and Hoch, Hannah},
	booktitle = {Education and Treatment of Children},
	title = {Teaching Children with Autism to Play a Video Game Using Activity Schedules and Game-Embedded Simultaneous Video Modeling },
	year      = {2010},
	publisher = {West Virginia University Press},
	pages  = {351--370},
}

@INPROCEEDINGS{silv11,
	author    = {Silverman, Rachel},
	title = {Latest Game Theory: Mixing Work and Play — Companies Adopt gaming Techniques to Motivate Employees},
	year      = {2011},
	publisher = {Wallstreet Journal},
}

@INPROCEEDINGS{walz15,
	author    = {Walz, Steffen},
	booktitle = {The Gameful World: Approaches, Issues, Applications},
	year      = {2015},
	publisher = {MIT Press},
	isbn      = {9780262325721},
	numpages  = {31},
}

@INPROCEEDINGS{kaj86,
    author    = {Kajiya, James T.},
    title     = {The Rendering Equation},
    booktitle = {Proceedings of the 13th Annual Conference on Computer Graphics and Interactive Techniques},
    year      = {1986},
    series    = {SIGGRAPH '86},
    pages     = {143--150},
    address   = {New York, NY, USA},
    publisher = {ACM},
    isbn      = {0-89791-196-2},
    numpages  = {8},
    acmid     = {15902}
}
